@article{PPCA,
  title={Probabilistic principal component analysis},
  author={Tipping, Michael E and Bishop, Christopher M},
  journal={Journal of the Royal Statistical Society Series B: Statistical Methodology},
  volume={61},
  number={3},
  pages={611--622},
  year={1999},
  publisher={Oxford University Press}
}

@article{MPPCA,
  title={Mixtures of probabilistic principal component analyzers},
  author={Tipping, Michael E and Bishop, Christopher M},
  journal={Neural computation},
  volume={11},
  number={2},
  pages={443--482},
  year={1999},
  publisher={MIT Press One Rogers Street, Cambridge, MA 02142-1209, USA journals-info~â€¦}
}